@online{vosskuhle,
	title="Remove trailing white space",
	url="https://github.com/cmhughes/latexindent.pl/pull/12",
	author="Michel Vo{\ss}kuhle",
	month=November,
	date=2013,
	day=10,
	keywords={
			contributor}

	,}
@online{jacobo-diaz-she-bang,
	title="Changed shebang to make the script more portable",
	url="https://github.com/cmhughes/latexindent.pl/pull/17",
	author="Jacobo Diaz",
	month=July,
	date=2014,
	day=23,
	keywords={
			contributor}
	%
	,}
@online{jacobo-diaz-hidden-config,
	title="Hiddenconfig",
	url="https://github.com/cmhughes/latexindent.pl/pull/18",
	author="Jacobo Diaz",
	month=July,
	date=2014,
	day=21,
	keywords={
			contributor}
		%
	,}
@online{jasjuang,
	title="add in PATH installation",
	url="https://github.com/cmhughes/latexindent.pl/pull/38",
	author="Jason Juang",
	month=November,
	date=2015,
	day=24,
	keywords={
			contributor}
	,}
