@online{vosskuhle,
	title="Remove trailing white space",
	url="https://github.com/cmhughes/latexindent.pl/pull/12",
	author="Michel Vo{
			\ss
		}kuhle",
	month=November,
	date=2013,
	day=10,
	keywords={contributor},}

cmh

	{
		\ss

	}

kuhle

\mycommand

{

	body

}
