% 2013
% 2013
% 2013
@online{paulo,
	title="arara rule, indent.yaml",
	url="https://github.com/islandoftex/arara/blob/master/rules/arara-rule-indent.yaml",
	author="Paulo Cereda",
	date={2013-05-23},
	urldate= {2021-03-19},
	keywords={contributor},}
@online{vosskuhle,
	title="Remove trailing white space",
	url="https://github.com/cmhughes/latexindent.pl/pull/12",
	author="Michel Vo{\ss}kuhle",
	date={2013-11-10},
	urldate= {2017-01-23},
	keywords={contributor},}
@online{harish,
	title="Early version testing",
	url="https://github.com/harishkumarholla",
	author="Harish Kumar",
	date={2013-11-10},
	urldate= {2017-06-30},
	keywords={contributor},}
% 2014
% 2014
% 2014
@online{jacobo-diaz-hidden-config,
	title="Hiddenconfig",
	url="https://github.com/cmhughes/latexindent.pl/pull/18",
	author="Jacobo Diaz",
	date={2014-07-21},
	urldate= {2017-01-23},
	keywords={contributor},}
@online{jacobo-diaz-she-bang,
	title="Changed shebang to make the script more portable",
	url="https://github.com/cmhughes/latexindent.pl/pull/17",
	author="Jacobo Diaz",
	date={2014-07-23},
	urldate= {2017-01-23},
	keywords={contributor},}
% 2015
% 2015
% 2015
@online{jasjuang,
	title="add in PATH installation",
	url="https://github.com/cmhughes/latexindent.pl/pull/38",
	author="Jason Juang",
	date={2015-11-24},
	urldate= {2017-01-23},
	keywords={contributor},}
% 2017
% 2017
% 2017
@online{jowens,
	title="Paragraph line break routine removal",
	url="https://github.com/cmhughes/latexindent.pl/issues/33",
	author="John Owens",
	date={2017-05-27},
	urldate={2017-05-27},
	keywords={contributor},}
@online{mlep,
	title="One sentence per line",
	url="https://github.com/cmhughes/latexindent.pl/issues/81",
	date={2017-08-16},
	author="mlep",
	urldate= {2018-01-08},
	keywords={contributor},}
% 2018
% 2018
% 2018
@online{zoehneto,
	title="Improving text wrap",
	url="https://github.com/cmhughes/latexindent.pl/issues/103",
	author="Tom Z{\"o}hner (zoehneto)",
	date={2018-02-04},
	urldate={2018-08-04},
	keywords={contributor},}
@online{xu-cheng,
	title="always output log/help text to STDERR",
	url="https://github.com/cmhughes/latexindent.pl/pull/121",
	author="Cheng Xu (xu-cheng)",
	date={2018-07-13},
	urldate={2018-08-05},
	keywords={contributor},}
% 2019
% 2019
% 2019
@online{sransara,
	title="Print usage tip to STDERR only if STDIN is TTY" ,
	url="https://github.com/cmhughes/latexindent.pl/pull/174",
	date={2019-09-17},
	author="Sam Abey",
	urldate={2021-03-19},
	keywords={contributor},}
% 2020
% 2020
% 2020
@online{jun-sheaf,
	title="Alpine-linux instructions",
	url="https://github.com/cmhughes/latexindent.pl/pull/214",
	date={2020-08-10},
	author="Randolf J.",
	urldate={2020-08-10},
	keywords={contributor},}
@online{jeanlego,
	title="Search localSettings in CWD as well",
	url="https://github.com/cmhughes/latexindent.pl/pull/221",
	date={2020-09-15},
	author="jeanlego",
	urldate={2021-03-19},
	keywords={contributor},}
% 2021
% 2021
% 2021
@online{newptcai,
	title="Update appendices.tex",
	url="https://github.com/cmhughes/latexindent.pl/pull/221",
	date={2021-02-16},
	author="newptcai",
	urldate={2021-03-19},
	keywords={contributor},}
@online{alexreg,
	title="Update help screen",
	url="https://github.com/cmhughes/latexindent.pl/pull/261",
	date={2021-03-18},
	author="Alexander Regueiro",
	urldate={2021-03-19},
	keywords={contributor},}
